<record xmlns="http://www.loc.gov/MARC21/slim">
   <leader>03203nam a2200637 i 4500</leader>
   <controlfield tag="001">6861474</controlfield>
   <controlfield tag="003">CaPaEBR</controlfield>
   <controlfield tag="006">m     o  d        </controlfield>
   <controlfield tag="007">cr cn|||||||||</controlfield>
   <controlfield tag="008">150203t20152015txu     ob    000 0beng d</controlfield>
   <datafield ind1=" " ind2=" " tag="020">
      <subfield code="z">9780292748224</subfield>
   </datafield>
   <datafield ind1=" " ind2=" " tag="020">
      <subfield code="a">9780292772434 (e-book)</subfield>
   </datafield>
   <datafield ind1=" " ind2=" " tag="035">
      <subfield code="a">ocn899987081</subfield>
   </datafield>
   <datafield ind1=" " ind2=" " tag="039">
      <subfield code="a">exclude</subfield>
   </datafield>
   <datafield ind1=" " ind2=" " tag="040">
      <subfield code="a">CaPaEBR</subfield>
      <subfield code="b">eng</subfield>
      <subfield code="e">rda</subfield>
      <subfield code="e">pn</subfield>
      <subfield code="c">CaPaEBR</subfield>
      <subfield code="d">AEU</subfield>
   </datafield>
   <datafield ind1=" " ind2=" " tag="043">
      <subfield code="a">n-us---</subfield>
   </datafield>
   <datafield ind1="1" ind2="4" tag="050">
      <subfield code="a">ML410.P846</subfield>
      <subfield code="b">.H84 2015eb</subfield>
   </datafield>
   <datafield ind1="0" ind2="4" tag="082">
      <subfield code="a">782.42164092</subfield>
      <subfield code="2">23</subfield>
   </datafield>
   <datafield ind1=" " ind2=" " tag="090">
      <subfield code="a">Internet Access</subfield>
      <subfield code="b">AEC</subfield>
   </datafield>
   <datafield ind1=" " ind2=" " tag="090">
      <subfield code="a">Internet Access</subfield>
      <subfield code="b">AGPC</subfield>
   </datafield>
   <datafield ind1=" " ind2=" " tag="090">
      <subfield code="a">Internet Access</subfield>
      <subfield code="b">AEGMCT</subfield>
   </datafield>
   <datafield ind1=" " ind2=" " tag="090">
      <subfield code="a">Internet Access</subfield>
      <subfield code="b">ARDC</subfield>
   </datafield>
   <datafield ind1=" " ind2=" " tag="090">
      <subfield code="a">Internet Access</subfield>
      <subfield code="b">AEU</subfield>
   </datafield>
   <datafield ind1="1" ind2=" " tag="100">
      <subfield code="a">Huffman, Eddie,</subfield>
      <subfield code="e">author.</subfield>
   </datafield>
   <datafield ind1="1" ind2="0" tag="245">
      <subfield code="a">John Prine :</subfield>
      <subfield code="b">in spite of himself /</subfield>
      <subfield code="c">Eddie Huffman.</subfield>
   </datafield>
   <datafield ind1=" " ind2=" " tag="250">
      <subfield code="a">First edition.</subfield>
   </datafield>
   <datafield ind1=" " ind2="1" tag="264">
      <subfield code="a">Austin, Texas :</subfield>
      <subfield code="b">University of Texas Press,</subfield>
      <subfield code="c">2015.</subfield>
   </datafield>
   <datafield ind1=" " ind2="4" tag="264">
      <subfield code="c">©2015</subfield>
   </datafield>
   <datafield ind1=" " ind2=" " tag="300">
      <subfield code="a">1 online resource (221 pages).</subfield>
   </datafield>
   <datafield ind1=" " ind2=" " tag="336">
      <subfield code="a">text</subfield>
      <subfield code="2">rdacontent</subfield>
   </datafield>
   <datafield ind1=" " ind2=" " tag="337">
      <subfield code="a">computer</subfield>
      <subfield code="b">c</subfield>
      <subfield code="2">rdamedia</subfield>
   </datafield>
   <datafield ind1=" " ind2=" " tag="338">
      <subfield code="a">online resource</subfield>
      <subfield code="b">cr</subfield>
      <subfield code="2">rdacarrier</subfield>
   </datafield>
   <datafield ind1="1" ind2=" " tag="490">
      <subfield code="a">American Music Series</subfield>
   </datafield>
   <datafield ind1=" " ind2=" " tag="504">
      <subfield code="a">Includes discography and bibliographical references.</subfield>
   </datafield>
   <datafield ind1=" " ind2=" " tag="506">
      <subfield code="a">Access restricted to authorized users and institutions.</subfield>
   </datafield>
   <datafield ind1=" " ind2=" " tag="588">
      <subfield code="a">Description based on print version record.</subfield>
   </datafield>
   <datafield ind1=" " ind2=" " tag="596">
      <subfield code="a">21 35 44 57 60</subfield>
   </datafield>
   <datafield ind1="1" ind2="0" tag="600">
      <subfield code="a">Prine, John.</subfield>
   </datafield>
   <datafield ind1=" " ind2="0" tag="650">
      <subfield code="a">Composers</subfield>
      <subfield code="z">United States</subfield>
      <subfield code="v">Biography.</subfield>
   </datafield>
   <datafield ind1=" " ind2="0" tag="650">
      <subfield code="a">Folk musicians</subfield>
      <subfield code="z">United States</subfield>
      <subfield code="v">Biography.</subfield>
   </datafield>
   <datafield ind1=" " ind2="0" tag="830">
      <subfield code="a">American music series (Austin, Tex.)</subfield>
   </datafield>
   <datafield ind1="4" ind2="0" tag="856">
      <subfield code="3">Concordia University of Edmonton Access</subfield>
      <subfield code="u">http://site.ebrary.com/lib/concordiaab/Doc?id=11010508</subfield>
      <subfield code="z">(Unlimited Concurrent Users)</subfield>
      <subfield code="z">from ebrary Academic Complete</subfield>
   </datafield>
   <datafield ind1="4" ind2="0" tag="856">
      <subfield code="3">Grande Prairie Regional College Access</subfield>
      <subfield code="u">http://ezproxy.agpc.talonline.ca:80/login?url=http://site.ebrary.com/lib/gprc/Doc?id=11010508</subfield>
      <subfield code="z">(Unlimited Concurrent Users)</subfield>
      <subfield code="z">from ebrary Academic Complete</subfield>
   </datafield>
   <datafield ind1="4" ind2="0" tag="856">
      <subfield code="3">MacEwan University Access</subfield>
      <subfield code="u">http://site.ebrary.com/lib/macewan/Doc?id=11010508</subfield>
      <subfield code="z">(Unlimited Concurrent Users)</subfield>
      <subfield code="z">from ebrary Academic Complete</subfield>
   </datafield>
   <datafield ind1="4" ind2="0" tag="856">
      <subfield code="3">Red Deer College Access</subfield>
      <subfield code="u">http://site.ebrary.com/lib/rdcollege/Doc?id=11010508</subfield>
      <subfield code="z">(Unlimited Concurrent Users)</subfield>
      <subfield code="z">from ebrary Academic Complete</subfield>
   </datafield>
   <datafield ind1="4" ind2="0" tag="856">
      <subfield code="3">University of Alberta Access</subfield>
      <subfield code="u">http://search.ebscohost.com/login.aspx?direct=true&amp;scope=site&amp;db=nlebk&amp;db=nlabk&amp;AN=937482</subfield>
      <subfield code="z">(Single User Access)</subfield>
   </datafield>
   <datafield ind1=" " ind2=" " tag="949">
      <subfield code="h">UAIN</subfield>
      <subfield code="m">CONCORDIA</subfield>
      <subfield code="z">EBRARYACCN</subfield>
   </datafield>
   <datafield ind1=" " ind2=" " tag="949">
      <subfield code="h">UAIN</subfield>
      <subfield code="m">GPRC_INT</subfield>
      <subfield code="z">EBRARYACGP</subfield>
   </datafield>
   <datafield ind1=" " ind2=" " tag="949">
      <subfield code="h">UAIN</subfield>
      <subfield code="m">GR_MAC_INT</subfield>
      <subfield code="z">EBRARYACGM</subfield>
   </datafield>
   <datafield ind1=" " ind2=" " tag="949">
      <subfield code="h">UAIN</subfield>
      <subfield code="m">RED_DEER_C</subfield>
      <subfield code="z">EBRARYACRD</subfield>
   </datafield>
   <datafield ind1=" " ind2=" " tag="919">
      <subfield code="a">ebr11010508</subfield>
   </datafield>
   <datafield ind1=" " ind2=" " tag="926">
      <subfield code="a">Internet Access</subfield>
      <subfield code="w">LC</subfield>
      <subfield code="c">1</subfield>
      <subfield code="i">6861474-1001</subfield>
      <subfield code="l">INTERNET</subfield>
      <subfield code="m">UAINTERNET</subfield>
      <subfield code="r">Y</subfield>
      <subfield code="s">Y</subfield>
      <subfield code="t">E-RESOURCE</subfield>
      <subfield code="u">3/11/2015</subfield>
      <subfield code="x">E-BOOK</subfield>
      <subfield code="z">EBSCOUA</subfield>
   </datafield>
   <datafield ind1=" " ind2=" " tag="926">
      <subfield code="a">Internet Access</subfield>
      <subfield code="w">LC</subfield>
      <subfield code="c">1</subfield>
      <subfield code="i">6861474-2001</subfield>
      <subfield code="k">DISCARD</subfield>
      <subfield code="l">INTERNET</subfield>
      <subfield code="m">CONCORDIA</subfield>
      <subfield code="r">Y</subfield>
      <subfield code="s">Y</subfield>
      <subfield code="t">E-RESOURCE</subfield>
      <subfield code="u">6/27/2016</subfield>
      <subfield code="x">E-BOOK</subfield>
      <subfield code="z">EBRARYACCN</subfield>
   </datafield>
   <datafield ind1=" " ind2=" " tag="926">
      <subfield code="a">Internet Access</subfield>
      <subfield code="w">LC</subfield>
      <subfield code="c">1</subfield>
      <subfield code="i">6861474-3001</subfield>
      <subfield code="k">DISCARD</subfield>
      <subfield code="l">INTERNET</subfield>
      <subfield code="m">GPRC_INT</subfield>
      <subfield code="r">Y</subfield>
      <subfield code="s">Y</subfield>
      <subfield code="t">E-RESOURCE</subfield>
      <subfield code="u">6/27/2016</subfield>
      <subfield code="x">E-BOOK</subfield>
      <subfield code="z">EBRARYACGP</subfield>
   </datafield>
   <datafield ind1=" " ind2=" " tag="926">
      <subfield code="a">Internet Access</subfield>
      <subfield code="w">LC</subfield>
      <subfield code="c">1</subfield>
      <subfield code="i">6861474-4001</subfield>
      <subfield code="k">DISCARD</subfield>
      <subfield code="l">INTERNET</subfield>
      <subfield code="m">GR_MAC_INT</subfield>
      <subfield code="r">Y</subfield>
      <subfield code="s">Y</subfield>
      <subfield code="t">E-RESOURCE</subfield>
      <subfield code="u">6/27/2016</subfield>
      <subfield code="x">E-BOOK</subfield>
      <subfield code="z">EBRARYACGM</subfield>
   </datafield>
   <datafield ind1=" " ind2=" " tag="926">
      <subfield code="a">Internet Access</subfield>
      <subfield code="w">LC</subfield>
      <subfield code="c">1</subfield>
      <subfield code="i">6861474-5001</subfield>
      <subfield code="k">DISCARD</subfield>
      <subfield code="l">INTERNET</subfield>
      <subfield code="m">RED_DEER_C</subfield>
      <subfield code="r">Y</subfield>
      <subfield code="s">Y</subfield>
      <subfield code="t">E-RESOURCE</subfield>
      <subfield code="u">6/27/2016</subfield>
      <subfield code="x">E-BOOK</subfield>
      <subfield code="z">EBRARYACRD</subfield>
   </datafield>
</record>
